<record><leader>00000cas a22000007a 4500</leader><controlfield tag="001">9815474</controlfield><controlfield tag="008">830816d18861886ksuwr ne      0    0eng d</controlfield><controlfield tag="009">3789</controlfield><datafield ind1=" " ind2=" " tag="010"><subfield code="a">sn 83040524 </subfield></datafield><datafield ind1=" " ind2=" " tag="040"><subfield code="a">KSH</subfield><subfield code="b">eng</subfield><subfield code="c">KSH</subfield><subfield code="d">NPT</subfield></datafield><datafield ind1="1" ind2=" " tag="029"><subfield code="a">AU@</subfield><subfield code="b">000025798940</subfield></datafield><datafield ind1=" " ind2=" " tag="042"><subfield code="a">msc</subfield></datafield><datafield ind1=" " ind2=" " tag="043"><subfield code="a">n-us-ks</subfield></datafield><datafield ind1="0" ind2=" " tag="130"><subfield code="a">Augusta news (Augusta, Kan. : 1886)</subfield></datafield><datafield ind1="0" ind2="4" tag="245"><subfield code="a">The Augusta news.</subfield></datafield><datafield ind1=" " ind2=" " tag="260"><subfield code="a">Augusta, Kan. :</subfield><subfield code="b">Horace M. Gimlin,</subfield><subfield code="c">1886.</subfield></datafield><datafield ind1=" " ind2=" " tag="300"><subfield code="a">1 v. ;</subfield><subfield code="c">50 cm.</subfield></datafield><datafield ind1=" " ind2=" " tag="310"><subfield code="a">Weekly</subfield></datafield><datafield ind1="0" ind2=" " tag="362"><subfield code="a">Vol. 7, no. 9 (Aug. 7, 1886)-v. 7, no. 23 (Nov. 13, 1886).</subfield></datafield><datafield ind1=" " ind2=" " tag="500"><subfield code="a">Published on Saturday.</subfield></datafield><datafield ind1=" " ind2=" " tag="500"><subfield code="a">Editor: Horace M. Gimlin.</subfield></datafield><datafield ind1="1" ind2=" " tag="700"><subfield code="a">Gimlin, Horace M.</subfield></datafield><datafield ind1=" " ind2=" " tag="752"><subfield code="a">United States</subfield><subfield code="b">Kansas</subfield><subfield code="c">Butler</subfield><subfield code="d">Augusta.</subfield></datafield><datafield ind1="0" ind2="0" tag="780"><subfield code="t">Augusta electric light</subfield><subfield code="w">(DLC)sn 83040462</subfield></datafield></record>